<record><leader>00000cas a22000007a 4500</leader><controlfield tag="001">9715575</controlfield><controlfield tag="008">830719d18601866nyuwr ne      0    0eng d</controlfield><datafield ind1=" " ind2=" " tag="010"><subfield code="a">sn 83030942 </subfield></datafield><datafield ind1=" " ind2=" " tag="040"><subfield code="a">NPU</subfield><subfield code="b">eng</subfield><subfield code="c">NPU</subfield><subfield code="d">NPX</subfield><subfield code="d">NYS</subfield><subfield code="d">OCL</subfield><subfield code="d">KRTAS</subfield><subfield code="d">OCLCF</subfield><subfield code="d">OCLCO</subfield></datafield><datafield ind1=" " ind2=" " tag="042"><subfield code="a">msc</subfield></datafield><datafield ind1="0" ind2=" " tag="130"><subfield code="a">Dansville advertiser (Dansville, N.Y. : 1860)</subfield></datafield><datafield ind1="0" ind2="4" tag="245"><subfield code="a">The Dansville advertiser.</subfield></datafield><datafield ind1=" " ind2=" " tag="260"><subfield code="a">Dansville, N.Y. :</subfield><subfield code="b">A.O. Bunnell,</subfield><subfield code="c">1860-1866.</subfield></datafield><datafield ind1=" " ind2=" " tag="300"><subfield code="a">7 v. ;</subfield><subfield code="c">67 cm.</subfield></datafield><datafield ind1=" " ind2=" " tag="310"><subfield code="a">Weekly</subfield></datafield><datafield ind1="0" ind2=" " tag="362"><subfield code="a">Vol. 1, no. 1 (Aug. 2, 1860)-v. 7, no. 310 (June 28, 1866).</subfield></datafield><datafield ind1=" " ind2=" " tag="500"><subfield code="a">Editor: A.O. Bunnell.</subfield></datafield><datafield ind1=" " ind2="0" tag="651"><subfield code="a">Dansville (N.Y.)</subfield><subfield code="v">Newspapers.</subfield></datafield><datafield ind1=" " ind2="0" tag="651"><subfield code="a">Livingston County (N.Y.)</subfield><subfield code="v">Newspapers.</subfield></datafield><datafield ind1=" " ind2="7" tag="655"><subfield code="a">Newspapers.</subfield><subfield code="2">fast</subfield><subfield code="0">(OCoLC)fst01423814</subfield></datafield><datafield ind1=" " ind2="7" tag="651"><subfield code="a">New York (State)</subfield><subfield code="z">Dansville.</subfield><subfield code="2">fast</subfield><subfield code="0">(OCoLC)fst01222270</subfield></datafield><datafield ind1=" " ind2="7" tag="651"><subfield code="a">New York (State)</subfield><subfield code="z">Livingston County.</subfield><subfield code="2">fast</subfield><subfield code="0">(OCoLC)fst01220485</subfield></datafield><datafield ind1=" " ind2=" " tag="752"><subfield code="a">United States</subfield><subfield code="b">New York</subfield><subfield code="c">Livingston</subfield><subfield code="d">Dansville.</subfield></datafield><datafield ind1="0" ind2="0" tag="785"><subfield code="t">Western New York advertiser</subfield><subfield code="w">(DLC)sn 89071006</subfield><subfield code="w">(OCoLC)17899888</subfield></datafield><datafield ind1=" " ind2=" " tag="938"><subfield code="a">Kirtas Technologies, Inc.</subfield><subfield code="b">KRTS</subfield><subfield code="n">737111</subfield></datafield></record>